@comment{x-kbibtex-personnameformatting=<%f ><%l><, %s>}

% This file was created with JabRef 2.10.
% Encoding: UTF-8

@book{Eckert2014,
  title     = {{IT-Sicherheit: Konzepte - Verfahren - Protokolle}},
  author    = {Claudia Eckert},
  publisher = {De Gruyter Oldenbourg},
  year      = {2014},
  edition   = {9},
  series    = {{De Gruyter Studium}},
  isbn      = {{978-3486778489}},
  url       = {https://google.com}
}


@article{Pinkwart.2016,
  author  = {Pinkwart, Niels},
  year    = {2016},
  title   = {Another 25 Years of AIED? Challenges and Opportunities for Intelligent Educational Technologies of the Future},
  pages   = {771--783},
  volume  = {26},
  number  = {2},
  issn    = {1560-4292},
  journal = {International Journal of Artificial Intelligence in Education},
  doi     = {10.1007/s40593-016-0099-7}
}


@incollection{Goel.2019,
  author    = {Goel, Ashok K. and Polepeddi, Lalith},
  title     = {Jill Watson: A Virtual Teaching Assistant for Online Education},
  pages     = {120--143},
  publisher = {Routledge},
  isbn      = {9781351186193},
  editor    = {Dede, Christopher and Richards, John and Saxberg, Bror},
  booktitle = {Learning Engineering for Online Education},
  year      = {2019},
  address   = {Milton}
}



@inproceedings{Wang.2020,
  author    = {Wang, Xia and Gulenman, Tom and Pinkwart, Niels and de Witt, Claudia and Gloerfeld, Christina and Wrede, Silke},
  title     = {Automatic Assessment of Student Homework and Personalized Recommendation},
  pages     = {150--154},
  publisher = {IEEE},
  isbn      = {978-1-7281-6090-0},
  booktitle = {2020 IEEE 20th International Conference on Advanced Learning Technologies (ICALT)},
  year      = {2020},
  doi       = {10.1109/ICALT49669.2020.00051}
}



@article{Quinn.2020,
  author  = {Quinn, Rory Joseph and Gray, Geraldine},
  year    = {2020},
  title   = {Prediction of student academic performance using Moodle data from a Further Education setting},
  volume  = {5},
  number  = {1},
  journal = {Irish Journal of Technology Enhanced Learning},
  doi     = {10.22554/ijtel.v5i1.57}
}


@misc{Witt.2020,
  abstract  = {Das Whitepaper {\textquotedbl}K{\"u}nstliche Intelligenz in der Hochschulbildung{\textquotedbl} dient als Beschreibung der M{\"o}glichkeiten und Herausforderungen von K{\"u}nstlicher Intelligenz in Studium und Lehre, f{\"o}rdert die Diskussion {\"u}ber Ver{\"a}nderungen der hochschulischen Lehr- und Lernkultur und von m{\"o}glichen Lehr-/ Lerninhalten durch K{\"u}nstliche Intelligenz. Zudem stellt es Visionen f{\"u}r das zuk{\"u}nftige Hochschulstudium aus Sicht von Studierenden und Lehrenden vor, um zu verdeutlichen, wie sich das Studium in den n{\"a}chsten Jahren ver{\"a}ndern kann.},
  author    = {de Witt, Claudia and Rampelt, Florian and Pinkwart, Niels},
  date      = {2020},
  title     = {Whitepaper {\textquotedbl}K{\"u}nstliche Intelligenz in der Hochschulbildung{\textquotedbl}},
  publisher = {Zenodo},
  doi       = {10.5281/zenodo.4063722}
}


@article{Wannemacher.2021,
  author  = {Wannemacher, Klaus and Bodmann, Laura},
  year    = {2021},
  title   = {K{\"u}nstliche Intelligenz an Hochschulen: Potenziale und Herausforderungen in Forschung, Studium und Lehre sowie Curriculumentwicklung},
  url     = {https://hochschulforumdigitalisierung.de/sites/default/files/dateien/HFD_AP_59_Kuenstliche_Intelligenz_Hochschulen_HIS-HE.pdf},
  urldate = {2022-07-10},
  pages   = {0--66}
}

